@preamble{ "\newcommand{\noopsort}[1]{} "
	# "\newcommand{\printfirst}[2]{#1} "
	# "\newcommand{\singleletter}[1]{#1} "
	# "\newcommand{\switchargs}[2]{#2#1} " }

@article{scientificAmerican,
    title = {A new form of Web content that is meaningful to computers will unleash a revolution of new possibilities},
    author = {Tim Berners-Lee, James Hendler and Ora Lassila},
    journal = {Scientific American},
    volume = {284},
    number = {5},
    year = {2001},
    pages = {34-43},
    url = {http://web.archive.org/web/20070713230811/http://www.sciam.com/print_version.cfm?articleID=00048144-10D2-1C70-84A9809EC588EF21}
}


@thesis{bakalarka,
author = {Matej Rychtárik},
title = {Inteligentný receptár na báze prepojených dát},
type = {bachelor thesis},
institution = {Univerzita Komenského v Bratislave Fakulta matematiky, fyziky a informatiky},
year = {2019},
}

@online{semanticWebLayer,
author = {Eric Prud'hommeaux},
title = {Semantic Web Specification at W3C},
year = {2020},
url = {https://www.w3.org/2004/Talks/0319-RDF-WGs/all.html},
OPTurldate = {01.03.2020}
}

%neviem, ci toto ma byt uvedene ako zdroj pre popis web layer cake
@online{semanticWebLayer2,
author = {Craig Knoblock},
title = {The Semantic Web},
year = {2020},
url = {https://www.isi.edu/integration/courses/csci548_2009/slides09/SemanticWeb.pdf},
OPTurldate = {01.03.2020}
}

%http://linkeddatabook.com/editions/1.0/#chap:principles
@Book{linkedData,
ALTauthor = {Tom Heath and Christian Bizer},
title = {Linked Data: Evolving the Web into a Global Data Space (1st edition). Synthesis Lectures on the Semantic Web: Theory and Technology},
publisher = {Morgan \& Claypool},
year = {2011},
}

@online{linkedData5star,
author = {Michael Hausenblas},
title = {5 STAR OPEN DATA},
year = {2020},
url = {https://5stardata.info/en/},
OPTurldate = {01.03.2020}
}

@TechReport{rdf,
  author      = "Guus Schreiber and Yves Raimond",
  title       = "{RDF} 1.1 Primer",
  month       = jun,
  note        = "http://www.w3.org/TR/2014/NOTE-rdf11-primer-20140624/",
  year        = "2014",
  bibsource   = "https://w2.syronex.com/jmr/w3c-biblio",
  type        = "{W3C} Note",
  institution = "W3C",
  OPTurldate = {01.03.2020}
}

@Book{rdf2,
ALTauthor = {James A. Hendler. Dean Allemang},
title = {Semantic web for the working ontologist modeling in RDF, RDFS and OWL},
publisher = {Denise E. M. Penrose},
year = {2008},
}

@online{vocabularies,
author = {MIT, ERCIM, Keio, Beihang},
title = {Vocabularies},
year = {2020},
url = {https://www.w3.org/standards/semanticweb/ontology},
OPTurldate = {01.03.2020}
}

@TechReport{schema,
  author      = "Ramanathan Guha and Dan Brickley",
  title       = "{RDF} Schema {1.1}",
  month       = feb,
  note        = "http://www.w3.org/TR/2014/REC-rdf-schema-20140225/",
  year        = "2014",
  bibsource   = "https://w2.syronex.com/jmr/w3c-biblio",
  type        = "{W3C} Recommendation",
  institution = "W3C",
  OPTurldate = {01.03.2020}
}

@TechReport{owl,
  author      = "Markus Krötzsch, Sebastian Rudolph, Peter Patel-Schneider, Bijan Parsia, and
Pascal Hitzler",
  title       = "OWL 2 web ontology language primer (second edition)",
  month       = December,
  note        = "http://www.w3.org/TR/2013/REC-sparql11-overview-20130321/",
  year        = "2012",
  bibsource   = "http://www.w3.org/TR/2012/REC-owl2-
primer-20121211/",
  type        = "{W3C} Recommendation",
  institution = "W3C",
  OPTurldate = {01.03.2020}
}

@TechReport{sparql,
  author      = "",
  title       = "{SPARQL} 1.1 Overview",
  month       = mar,
  note        = "http://www.w3.org/TR/2013/REC-sparql11-overview-20130321/",
  year        = "2013",
  bibsource   = "https://w2.syronex.com/jmr/w3c-biblio",
  type        = "{W3C} Recommendation",
  institution = "W3C",
  OPTurldate = {01.03.2020}
}

@Book{sparql2,
ALTauthor = {Bob DuCharme},
title = {Learning SPARQL},
publisher = {O’Reilly Media, Inc., 1005 Gravenstein Highway North, Sebastopol, CA 95472},
year = {2011},
}

@online{triplestore,
author = {Ontotext AD},
title = {What is RDF Triplestore?},
year = {2019},
url = {https://www.ontotext.com/knowledgehub/fundamentals/what-is-rdf-triplestore/},
OPTurldate = {01.03.2020}
}

@online{varecha,
author = {PEREX, a.s. Varecha},
title = {Varecha},
year = {2020},
url = {https://varecha.pravda.sk/},
OPTurldate = {01.03.2020}
}

@online{yummly,
author = {X},
title = {Yummly},
year = {2020},
url = {https://www.yummly.com},
OPTurldate = {01.03.2020}
}

@online{jena,
author = {The Apache Software Foundation},
title = {Apache Jena},
year = {2020},
url = {https://jena.apache.org/},
OPTurldate = {25.04.2020},
}



    





